@book{ME12,
author = {Musterfrau, Erika and Exempelmann, Max},
edition = {5},
isbn = {978-123-45678},
address = {Wiesbaden},
publisher = {Wissenschaftstestverlag},
title = {{Zitationen am Beispiel}},
year = {2012}
}

@article{TD15,
	author = {Testhansel, Heribert and Demofrau, Marita},
	title = {Das Testen von Artikeln},
	journaltitle = {Int. Journal of Testing},
	year={2015},
	series = {Lecture Notes},
	volume = {5},
	number = {2},
	issue = {42},
	pages = {111--222},
	publisher = {Elsedrei},
	doi = {10/1234.2345}
}

@online{FowlerMicrservices,
	author = {{Martin Fowler}},
	title = {Microservices - a definition of this new architectural term},
	date = {2014-03-25},
	url = {https://martinfowler.com/articles/microservices.html},
	urldate = {2020-08-09},
}

@online{AntifragileOrganization,
	author = {{Ariel Tseitlin}},
	title = {{The Antifragile Organization} Embracing Failure to Improve Resilience and Maximize Availability},
	date = {2013-06-27},
	url = {https://queue.acm.org/detail.cfm?id=2499552},
	urldate = {2020-08-09},
}

@online{CNCFGithub,
	author= {{CNC-Commitee}},
	title = {CNCF Cloud Native Definition v1.0},
	date = {2018-06-11},
	url = {https://github.com/cncf/toc/blob/master/DEFINITION.md#deutsch},
	urldate = {2020-08-06}
}

@online{LeanixGouv,
	author= {{Dr. Gopala Krishna Behara}},
	title = {Microservices Governance: A Detailed Guide},
	date = {2018-07-03},
	url = {https://www.leanix.net/en/blog/microservices-governance},
	urldate = {2020-08-08}
}

@online{GraphViz,
	author= {{Ondřej Žára}},
	title={rollup-plugin-graph},
	date = {2019-02-22},
	url = {https://github.com/ondras/rollup-plugin-graph/blob/9287468d2dcbeefd43751b7643428bd719a807c6/demo.png},
	urldate = {2020-08-06}
}

@misc{DIN69901-1,
	title = {{DIN 69901-2}},
	date = {2010},
	subtitle = {Prozesse, Prozessmodell},
	organization = {{Deutsches Institut für Normung}}
}
